@misc{A3CAiSummer,
    author = "Sergios Karagiannakos",
    title = "The idea behind Actor-Critics and how A2C and A3C improve them",
    url = "https://theaisummer.com/Actor_critics/"
},
@misc{A3CAsyncPaper,
    author="Multiple",
    title = "Asynchronous Methods for Deep Reinforcement Learning",
    url = "https://arxiv.org/pdf/1602.01783.pdf"
},
@misc{DQNPaper,
    author="Multiple",
    title = "Human-Level Control Through Deep Reinforcement Learning",
    url = "https://storage.googleapis.com/deepmind-media/dqn/DQNNaturePaper.pdf"
}
